% Encoding: UTF-8

@Misc{miktex,
  title = {{MiK\TeX{}}},
  url   = {https://miktex.org/},
}

@Misc{perl,
  title = {Perl},
  url   = {https://www.perl.org/},
}

@Misc{upgrade,
  author = {{TUG}},
  title  = {{Upgrade from \TeX{} Live 2020 to 2021}},
  url    = {http://www.tug.org/texlive/upgrade.html},
}

@Manual{beamerman,
  title  = {The beamer class: User Guide for version 3.59.},
  author = {Tantau, Till and Wright, Joseph and Mileti\'c, Vedran},
  month  = jul,
  year   = {2020},
  url    = {https://github.com/josephwright/beamer},
}

@Misc{lsp3,
  author = {{Log Creative}},
  title  = {{\LaTeX{} Sparkle Project}},
  url    = {https://logcreative.github.io/LaTeXSparkle/},
}

@Misc{ab,
  author = {{Log Creative}},
  title  = {{AutoBeamer}},
  url    = {https://github.com/LogCreative/AutoBeamer},
}

@Misc{pgfedt,
  author = {{Log Creative}},
  title  = {{PGFPlotsEdt}},
  url    = {https://github.com/LogCreative/PGFPlotsEdt/},
}

@ELECTRONIC{overleaf,
	title = {{SJTUBeamermin}},
	author= {{Log Creative}},
	url = {https://www.overleaf.com/latex/templates/sjtubeamermin/shxnnnjjgqvp},
	OPTversion = {0.9-Prev},
}

@Misc{lact,
	author = {{xu-cheng}},
	title = {{\LaTeX{}-action}},
	url = {https://github.com/xu-cheng/latex-action}
}

@Manual{viman,
  title  = {SJTU VI Manual},
  author = {{Shanghai Jiao Tong University}},
  month  = apr,
  year   = {2016},
  groups = {SJ-Team},
  url    = {https://vi.sjtu.edu.cn/},
}

@Misc{texsc,
  title = {{TeX{} Stack Exchange}},
  url   = {https://tex.stackexchange.com/},
}

@Manual{tikzman,
  title        = {{The Ti\emph{k}Z and \textsc{PGF} Packages}},
  author       = {Till Tantau},
  month        = oct,
  organization = {{Institut für Theoretische Informatik, Universität zu Lübeck}},
  year         = {2020},
  url          = {https://github.com/pgf-tikz/pgf},
}

@Misc{tikzedt,
  author = {Thomas and Julian},
  month  = mar,
  title  = {{Ti\emph{k}ZEdt -- A semigraphical Ti\emph{k}Z-editor}},
  year   = {2014},
  url    = {http://www.tikzedt.org/},
}

@Misc{tikztuna,
  author = {Paul},
  month  = oct,
  title  = {{Tunight: A Drawing Guide for Ti\emph{k}Z}},
  year   = {2020},
  url    = {https://tuna.moe/event/2020/tikz/},
}

@Manual{tcolorbox,
  title        = {{tcolorbox: manual for version 4.42}},
  address      = {D-85577 Neubiberg},
  author       = {Thomas F. Sturm},
  month        = oct,
  organization = {Institut für Mathematik und Informatik, Universität der Bundeswehr München},
  year         = {2020},
  url          = {https://github.com/T-F-S/tcolorbox},
}

@Book{texbook,
  author    = {Knuth and Donald Ervin},
  publisher = {American Mathematical Society and Addison-Wesley Publishing Company},
  title     = {{The \TeX{}book}},
  year      = {1991},
  isbn      = {0-201-13448-9},
  month     = may,
  url       = {https://github.com/seuliang/the-texbook-cn},
}

@Manual{texnote,
  title  = {{Notes On Programming in \TeX{}}},
  author = {{{Dr. Christian Feuers\"anger}}},
  month  = feb,
  year   = {2020},
  url    = {https://mirrors.sjtug.sjtu.edu.cn/CTAN/graphics/pgf/contrib/pgfplots/doc/TeX-programming-notes.pdf},
}

@Misc{tex2017,
  month        = apr,
  title        = {{Tunight: TeX{} Workshop 2017}},
  year         = {2017},
  organization = {TUNA},
  url          = {https://www.youtube.com/watch?v=fysg1IaCq2s&t=5328s},
}

@Manual{hyperref,
  title        = {{Hypertext marks in \LaTeX{}}},
  author       = {Rahtz, Sebastian and Oberdiek, Heiko},
  month        = may,
  organization = {{The \LaTeX{}3 Project}},
  year         = {2020},
  url          = {https://github.com/latex3/hyperref},
}

@Manual{graphics,
  title  = {{Using Import graphics in \LaTeXe{}}},
  author = {Keith Reckdahl},
  month  = dec,
  year   = {1997},
  url    = {https://www.latexstudio.net/archives/10738},
}

@Comment{jabref-meta: databaseType:bibtex;}
