@misc{mnn,
  doi = {10.48550/ARXIV.2002.12418},
  
  url = {https://arxiv.org/abs/2002.12418},
  
  author = {Jiang, Xiaotang and Wang, Huan and Chen, Yiliu and Wu, Ziqi and Wang, Lichuan and Zou, Bin and Yang, Yafeng and Cui, Zongyang and Cai, Yu and Yu, Tianhang and Lv, Chengfei and Wu, Zhihua},
  
  keywords = {Computer Vision and Pattern Recognition (cs.CV), Distributed, Parallel, and Cluster Computing (cs.DC), Machine Learning (cs.LG), FOS: Computer and information sciences, FOS: Computer and information sciences},
  
  title = {MNN: A Universal and Efficient Inference Engine},
  
  publisher = {arXiv},
  
  year = {2020},
  
  copyright = {arXiv.org perpetual, non-exclusive license}
}

